@TECHREPORT{McCalpin2007,
  author = {John D. McCalpin},
  title = {STREAM: Sustainable Memory Bandwidth in High Performance Computers},
  institution = {University of Virginia},
  year = {1991-2007},
  address = {Charlottesville, Virginia},
  note = {A continually updated technical report.
http://www.cs.virginia.edu/stream/},
  url = {http://www.cs.virginia.edu/stream/}
}

